<?xml version="1.0" encoding="utf-8"?>
<record xmlns="http://www.loc.gov/MARC21/slim" xmlns:xsi="http://www.w3.org/2001/XMLSchema-instance" xsi:schemaLocation="http://www.loc.gov/MARC21/slim http://www.loc.gov/standards/marcxml/schema/MARC21slim.xsd">
	<leader>     nam a22        4500</leader>
	<controlfield tag="001">002046786</controlfield>
	<controlfield tag="003">NNU</controlfield>
	<controlfield tag="006">m        d        </controlfield>
	<controlfield tag="007">cr cn |||m|||a</controlfield>
	<controlfield tag="008">150714s1982    ir      o     000 0 ara d</controlfield>
	<datafield ind1=" " ind2=" " tag="040">
		<subfield code="a">NNU</subfield>
		<subfield code="b">eng</subfield>
		<subfield code="e">rda</subfield>
		<subfield code="c">NNU</subfield>
	</datafield>
	<datafield ind1=" " ind2="4" tag="050">
		<subfield code="a">BP193.13</subfield>
		<subfield code="b">.S4 1982</subfield>
	</datafield>
	<datafield ind1="1" ind2=" " tag="100">
		<subfield code="6">880-01</subfield>
		<subfield code="a">Shajarī, Muḥammad ibn ʻAlī,</subfield>
		<subfield code="d">977 or 978-1053 or 1054.</subfield>
	</datafield>
	<datafield ind1="1" ind2="0" tag="245">
		<subfield code="6">880-02</subfield>
		<subfield code="a">Faḍl ziyārat al-Ḥusayn /</subfield>
		<subfield code="c">taʼlīf Abī ʻAbd Allāh Muḥammad ibn ʻAlī ibn al-Ḥasan al-ʻAlawī al-Shajarī ; iʻdād al-Sayyid Aḥmad al-Ḥusaynī ; bi-ihtimām al-Sayyid Maḥmūd al-Marʻashī.</subfield>
	</datafield>
	<datafield ind1=" " ind2=" " tag="260">
		<subfield code="6">880-03</subfield>
		<subfield code="a">Qum :</subfield>
		<subfield code="b">Maktabat Āyat Allāh al-Marʻashī,</subfield>
		<subfield code="c">1403 [1982 or 1983]</subfield>
	</datafield>
	<datafield ind1=" " ind2=" " tag="300">
		<subfield code="a">online resource (1 volume)</subfield>
	</datafield>
	<datafield ind1=" " ind2=" " tag="336">
		<subfield code="a">text</subfield>
		<subfield code="2">rdacontent</subfield>
	</datafield>
	<datafield ind1=" " ind2=" " tag="337">
		<subfield code="a">computer</subfield>
		<subfield code="2">rdamedia</subfield>
	</datafield>
	<datafield ind1=" " ind2=" " tag="338">
		<subfield code="a">online resource</subfield>
		<subfield code="2">rdacarrier</subfield>
	</datafield>
	<datafield ind1="1" ind2=" " tag="490">
		<subfield code="6">880-04</subfield>
		<subfield code="a">Min Makhṭūṭāt Maktabat Āyat Allāh al-Marʻashī al-ʻĀmmah ;</subfield>
		<subfield code="v">6</subfield>
	</datafield>
	<datafield ind1=" " ind2=" " tag="500">
		<subfield code="a">Part of the Arabic Collections Online (ACO) project, contributed by New York Univeristy Libraries.</subfield>
	</datafield>
	<datafield ind1=" " ind2=" " tag="533">
		<subfield code="a">Electronic reproduction.</subfield>
		<subfield code="b">New York, N.Y. :</subfield>
		<subfield code="c">New York University,</subfield>
		<subfield code="d">2015.</subfield>
		<subfield code="5">NNU</subfield>
	</datafield>
	<datafield ind1="0" ind2="0" tag="600">
		<subfield code="6">880-05</subfield>
		<subfield code="a">Ḥusayn ibn ʻAlī,</subfield>
		<subfield code="d">-680.</subfield>
	</datafield>
	<datafield ind1="0" ind2="7" tag="600">
		<subfield code="a">Ḥusayn ibn ʻAlī,</subfield>
		<subfield code="d">-680.</subfield>
		<subfield code="2">fast</subfield>
		<subfield code="0">(OCoLC)fst01825184</subfield>
	</datafield>
	<datafield ind1="1" ind2=" " tag="700">
		<subfield code="6">880-06</subfield>
		<subfield code="a">Ḥusaynī, Aḥmad.</subfield>
	</datafield>
	<datafield ind1="2" ind2=" " tag="710">
		<subfield code="a">New York University.</subfield>
		<subfield code="b">Libraries.</subfield>
	</datafield>
	<datafield ind1="0" ind2=" " tag="730">
		<subfield code="a">Arabic Collections Online.</subfield>
	</datafield>
	<datafield ind1="0" ind2="8" tag="776">
		<subfield code="i">Print version:</subfield>
		<subfield code="a">Shajarī, Muḥammad ibn ʻAlī, 977 or 978-1053 or 1054.</subfield>
		<subfield code="t">Faḍl ziyārat al-Ḥusayn</subfield>
		<subfield code="w">(NNU)002046786</subfield>
	</datafield>
	<datafield ind1="4" ind2="0" tag="856">
		<subfield code="u">http://hdl.handle.net/2333.1/6m905sxh</subfield>
	</datafield>
	<datafield ind1="1" ind2=" " tag="880">
		<subfield code="6">100-01/</subfield>
		<subfield code="a">شجري، محمد بن علي،</subfield>
		<subfield code="d">977 or 978-1053 or 1054.</subfield>
	</datafield>
	<datafield ind1="1" ind2="0" tag="880">
		<subfield code="6">245-02/</subfield>
		<subfield code="a">فضل زيارة الحسين /</subfield>
		<subfield code="c">تأليف ابي عبد الله محمد بن علي بن الحسن العلوي الشجري ؛ اعداد السيد احمد الحسيني ؛ باهتمام السيد محمود المرعشي.</subfield>
	</datafield>
	<datafield ind1=" " ind2=" " tag="880">
		<subfield code="6">260-03/</subfield>
		<subfield code="a">قم :</subfield>
		<subfield code="b">مكتبة آية الله المرعشي،</subfield>
		<subfield code="c">1403 [1982 or 1983]</subfield>
	</datafield>
	<datafield ind1="1" ind2=" " tag="880">
		<subfield code="6">490-04/</subfield>
		<subfield code="a">من مخطوطات مكتبة آية الله المرعشي العامة ؛</subfield>
		<subfield code="v">6</subfield>
	</datafield>
	<datafield ind1="0" ind2="4" tag="880">
		<subfield code="6">600-05/</subfield>
		<subfield code="a">حسين بن علي،</subfield>
		<subfield code="d">680.</subfield>
	</datafield>
	<datafield ind1="1" ind2=" " tag="880">
		<subfield code="6">700-06/</subfield>
		<subfield code="a">حسيني، احمد.</subfield>
	</datafield>
	<datafield ind1=" " ind2="0" tag="830">
		<subfield code="6">880-07</subfield>
		<subfield code="a">Min makhṭūṭāt Maktabat Āyat Allāh al-Marʻashī al-ʻĀmmah ;</subfield>
		<subfield code="v">6.</subfield>
	</datafield>
	<datafield ind1=" " ind2="0" tag="880">
		<subfield code="6">830-07/</subfield>
		<subfield code="a">من مخطوطات مكتبة آية الله المرعشي العامة ؛</subfield>
		<subfield code="v">6.</subfield>
	</datafield>
	<datafield ind1=" " ind2=" " tag="959">
		<subfield code="a">NNU</subfield>
		<subfield code="b">WEB</subfield>
		<subfield code="c">GENI</subfield>
		<subfield code="t">0</subfield>
		<subfield code="m">Electronic access</subfield>
		<subfield code="s">01</subfield>
	</datafield>
	<datafield ind1=" " ind2=" " tag="999">
		<subfield code="i">NNU_002046786</subfield>
		<subfield code="s">nyu_aco000922</subfield>
	</datafield>
</record>
